<?xml version="1.0" encoding="UTF-8"?><collection xmlns="http://www.loc.gov/MARC21/slim"><record><leader>00475nam--2200157-i-4500</leader><controlfield tag="001">000033585</controlfield><controlfield tag="002">20161230</controlfield><controlfield tag="005">20161230201039</controlfield><controlfield tag="008">060222s1000------------r-----000-0-eng-d</controlfield><datafield ind1=" " ind2=" " tag="040"><subfield code="a">IFIN-HH</subfield></datafield><datafield ind1=" " ind2=" " tag="080"><subfield code="a">518.12</subfield></datafield><datafield ind1=" " ind2=" " tag="100"><subfield code="a">Milne, William Edmund</subfield></datafield><datafield ind1=" " ind2=" " tag="245"><subfield code="a">Numerical calculus. approximations, interpolation, finite differences, numerical integration and ..</subfield></datafield><datafield ind1=" " ind2=" " tag="260"><subfield code="a">PRINCETON, N.J.UNIV.PRESS, 1949. X+393 p</subfield></datafield><datafield ind1=" " ind2=" " tag="852"><subfield code="a">10894</subfield><subfield code="c">518.12</subfield></datafield><datafield ind1=" " ind2=" " tag="CAT"><subfield code="a">Sys</subfield><subfield code="c">20090618</subfield><subfield code="h">072557</subfield></datafield></record></collection>